@article{pulseNLFHN,
title = "Existence of pulses in excitable media with nonlocal coupling",
keywords = "FitzHugh-Nagumo system, Fredholm operators, Nonlocal equation, Traveling wave",
author = "Gr{\'e}gory Faye and Arnd Scheel",
year = "2015",
month = "1",
doi = "10.1016/j.aim.2014.11.005",
volume = "270",
pages = "400--456",
journal = "Advances in Mathematics",
issn = "0001-8708",
publisher = "Academic Press Inc.",
}

@article{anderson2014pinning,
  title={Pinning and unpinning in nonlocal systems},
  author={Anderson, Taylor and Faye, Gr{\'e}gory and Scheel, Arnd and Stauffer, David},
  journal={Journal of Dynamics and Differential Equations},
  pages={1--27},
  publisher={Springer}
}

@article{laing2003pde,
  title={PDE methods for nonlocal models},
  author={Laing, Carlo R and Troy, William C},
  journal={SIAM Journal on Applied Dynamical Systems},
  volume={2},
  number={3},
  pages={487--516},
  year={2003},
  publisher={SIAM}
}

@article{faye2013localized,
  title={Localized states in an unbounded neural field equation with smooth firing rate function: a multi-parameter analysis},
  author={Faye, Gr{\'e}gory and Rankin, James and Chossat, Pascal},
  journal={Journal of mathematical biology},
  volume={66},
  number={6},
  pages={1303--1338},
  year={2013},
  publisher={Springer}
}
%peter bate
@Article{Bates1997,
author="Bates, Peter W.
and Fife, Paul C.
and Ren, Xiaofeng
and Wang, Xuefeng",
title="Traveling Waves in a Convolution Model for Phase Transitions",
journal="Archive for Rational Mechanics and Analysis",
year="1997",
volume="138",
number="2",
pages="105--136",
issn="1432-0673",
doi="10.1007/s002050050037",
url="http://dx.doi.org/10.1007/s002050050037"
}

@article{chen1997existence,
  title={Existence, uniqueness, and asymptotic stability of traveling waves in nonlocal evolution equations},
  author={Chen, Xinfu and others},
  journal={Advances in Differential Equations},
  volume={2},
  number={1},
  pages={125--160},
  year={1997},
  publisher={Khayyam Publishing, Inc.}
}

@article{faye2013existence,
  title={Existence and stability of traveling pulses in a neural field equation with synaptic depression},
  author={Faye, Gr{\'e}gory},
  journal={SIAM Journal on Applied Dynamical Systems},
  volume={12},
  number={4},
  pages={2032--2067},
  year={2013},
  publisher={SIAM}
}

@article{KPP,
  title={Etude de l'{\'E}quations de la Diffusion avec Croissance de la Quantite de Matiere et Son Application a un Probleme Biologique
},
  author={A. N. Kolmogorov, I. G. Petrovskii and N. S. Piskunov},
  journal={Bjul. Moskov. Gos. Univ.},
  volume={1},
  pages={1--25},
  year={1937},
}


@book{scheel2003radially,
  title={Radially symmetric patterns of reaction-diffusion systems},
  author={Scheel, Arnd},
  volume={165},
  number={786},
  year={2003},
  publisher={American Mathematical Soc.}
}


@book{roman2007advanced,
  title={Advanced Linear Algebra},
  author={Roman, S.},
  isbn={9780387728315},
  lccn={2005040244},
  series={Graduate Texts in Mathematics},
  url={https://books.google.com/books?id=bSyQr-wUys8C},
  year={2007},
  publisher={Springer New York}
}

@book{haragus2010local,
  title={Local bifurcations, center manifolds, and normal forms in infinite-dimensional dynamical systems},
  author={Haragus, Mariana and Iooss, G{\'e}rard},
  year={2010},
  publisher={Springer Science \& Business Media}
}

@book{chow1982methods,
  title={Methods of bifurcation theory},
  author={Chow, S.N. and Hale, J.K.},
  isbn={9783540906643},
  lccn={96162870},
  series={Grundlehren der mathematischen Wissenschaften},
  url={https://books.google.com/books?id=5TXvAAAAMAAJ},
  year={1982},
  publisher={Springer-Verlag}
}

@book{wei2013mathematical,
  title={Mathematical Aspects of Pattern Formation in Biological Systems},
  author={Wei, J. and Winter, M.},
  isbn={9781447155263},
  series={Applied Mathematical Sciences},
  url={https://books.google.com/books?id=1aHjAAAAQBAJ},
  year={2013},
  publisher={Springer London}
}

@book{runst1996sobolev,
  title={Sobolev Spaces of Fractional Order, Nemytskij Operators, and Nonlinear Partial Differential Equations},
  author={Runst, T. and Sickel, W.},
  isbn={9783110151138},
  lccn={96031730},
  series={De Gruyter series in nonlinear analysis and applications},
  url={https://books.google.com/books?id=T3ovW-RAbvwC},
  year={1996},
  publisher={Walter de Gruyter}
}
@book{chicone2006ordinary,
  title={Ordinary Differential Equations with Applications},
  author={Chicone, C.},
  isbn={9780387307695},
  lccn={2005937072},
  series={Texts in Applied Mathematics},
  url={https://books.google.com/books?id=yfY2uGROVrUC},
  year={2006},
  publisher={Springer New York}
}

@article{chang2007spectra,
  title={Spectra of linearized operators for NLS solitary waves},
  author={Chang, Shu-Ming and Gustafson, Stephen and Nakanishi, Kenji and Tsai, Tai-Peng},
  journal={SIAM Journal on Mathematical Analysis},
  volume={39},
  number={4},
  pages={1070--1111},
  year={2007},
  publisher={SIAM}
}
