
%Neural
@article {neuralfieldrev,
    AUTHOR = {Bressloff, Paul C.},
     TITLE = {Spatiotemporal dynamics of continuum neural fields},
   JOURNAL = {J. Phys. A},
  FJOURNAL = {Journal of Physics. A. Mathematical and Theoretical},
    VOLUME = {45},
      YEAR = {2012},
    NUMBER = {3},
     PAGES = {033001, 109},
      ISSN = {1751-8113},
   MRCLASS = {92C20 (82C32)},
  MRNUMBER = {2871421},
MRREVIEWER = {Lakshmi Chandrasekaran},
       DOI = {10.1088/1751-8113/45/3/033001},
       URL = {http://dx.doi.org/10.1088/1751-8113/45/3/033001},
}



%radial symm memoir
@article {Srad,
    AUTHOR = {Scheel, Arnd},
     TITLE = {Radially symmetric patterns of reaction-diffusion systems},
   JOURNAL = {Mem. Amer. Math. Soc.},
  FJOURNAL = {Memoirs of the American Mathematical Society},
    VOLUME = {165},
      YEAR = {2003},
    NUMBER = {786},
     PAGES = {viii+86},
      ISSN = {0065-9266},
   MRCLASS = {35K57 (34C20 35B32 37G05 37L10)},
  MRNUMBER = {1997690},
MRREVIEWER = {Stephen A. Gourley},
       DOI = {10.1090/memo/0786},
       URL = {http://dx.doi.org/10.1090/memo/0786},
}

%Cmld
@article{FScmfd,
  title={Center manifolds without a phase space},
  author={Faye, Gr{\'e}gory and Scheel, Arnd},
  journal={arXiv preprint arXiv:1611.07487},
  year={2016}
}

%Scheel Faye FHN
@article {faye2015existence,
    AUTHOR = {Faye, Gr\'egory and Scheel, Arnd},
     TITLE = {Existence of pulses in excitable media with nonlocal coupling},
   JOURNAL = {Adv. Math.},
  FJOURNAL = {Advances in Mathematics},
    VOLUME = {270},
      YEAR = {2015},
     PAGES = {400--456},
      ISSN = {0001-8708},
   MRCLASS = {92C20 (34C37 35C07 35M30)},
  MRNUMBER = {3286540},
MRREVIEWER = {Simona Mancini},
       DOI = {10.1016/j.aim.2014.11.005},
       URL = {http://dx.doi.org/10.1016/j.aim.2014.11.005},
}

%BoCtoNF
@article{BCNF,
  title={Bifurcation to coherent structures in nonlocally coupled systems},
  author={ Scheel, Arnd and Tianyu Tao},
  journal={arXiv preprint arXiv:1705.00088},
  year={2017}
}
