%Neural
@article {neuralfieldrev,
    AUTHOR = {Bressloff, Paul C.},
     TITLE = {Spatiotemporal dynamics of continuum neural fields},
   JOURNAL = {J. Phys. A},
  FJOURNAL = {Journal of Physics. A. Mathematical and Theoretical},
    VOLUME = {45},
      YEAR = {2012},
    NUMBER = {3},
     PAGES = {033001, 109},
      ISSN = {1751-8113},
   MRCLASS = {92C20 (82C32)},
  MRNUMBER = {2871421},
MRREVIEWER = {Lakshmi Chandrasekaran},
       DOI = {10.1088/1751-8113/45/3/033001},
       URL = {http://dx.doi.org/10.1088/1751-8113/45/3/033001},
}



%radial symm memoir
@article {Srad,
    AUTHOR = {Scheel, Arnd},
     TITLE = {Radially symmetric patterns of reaction-diffusion systems},
   JOURNAL = {Mem. Amer. Math. Soc.},
  FJOURNAL = {Memoirs of the American Mathematical Society},
    VOLUME = {165},
      YEAR = {2003},
    NUMBER = {786},
     PAGES = {viii+86},
      ISSN = {0065-9266},
   MRCLASS = {35K57 (34C20 35B32 37G05 37L10)},
  MRNUMBER = {1997690},
MRREVIEWER = {Stephen A. Gourley},
       DOI = {10.1090/memo/0786},
       URL = {http://dx.doi.org/10.1090/memo/0786},
}

%Wei Winter pattern text spikes
@book {gs,
    AUTHOR = {Wei, Juncheng and Winter, Matthias},
     TITLE = {Mathematical aspects of pattern formation in biological
              systems},
    SERIES = {Applied Mathematical Sciences},
    VOLUME = {189},
 PUBLISHER = {Springer, London},
      YEAR = {2014},
     PAGES = {xii+319},
      ISBN = {978-1-4471-5525-6; 978-1-4471-5526-3},
   MRCLASS = {35-02 (35B25 35B36 35J57 35K57 35Q92 92B05 92C15)},
  MRNUMBER = {3114654},
MRREVIEWER = {Yoshio Yamada},
       DOI = {10.1007/978-1-4471-5526-3},
       URL = {http://dx.doi.org/10.1007/978-1-4471-5526-3},
}       DOI = {10.1512/iumj.1972.22.22009},
       URL = {http://dx.doi.org/10.1512/iumj.1972.22.22009},
}